<record><leader>00000cas a2200000 a 4500</leader><controlfield tag="001">42339016</controlfield><controlfield tag="007">hd afu---bucu</controlfield><controlfield tag="008">811123d18841888wauwr nea     0   a0eng c</controlfield><datafield ind1=" " ind2=" " tag="010"><subfield code="a">  2005252082</subfield></datafield><datafield ind1=" " ind2=" " tag="040"><subfield code="a">Wa</subfield><subfield code="b">eng</subfield><subfield code="c">WRJ</subfield><subfield code="d">WAU</subfield><subfield code="d">OCLCQ</subfield><subfield code="d">OCLCF</subfield><subfield code="d">OCLCO</subfield></datafield><datafield ind1="1" ind2=" " tag="029"><subfield code="a">AU@</subfield><subfield code="b">000026553929</subfield></datafield><datafield ind1=" " ind2=" " tag="042"><subfield code="a">pcc</subfield></datafield><datafield ind1=" " ind2=" " tag="043"><subfield code="a">n-us-wa</subfield></datafield><datafield ind1="0" ind2=" " tag="082"><subfield code="a">071.9782</subfield><subfield code="2">19</subfield></datafield><datafield ind1="0" ind2="0" tag="245"><subfield code="a">Lewis County bee</subfield><subfield code="h">[microform].</subfield></datafield><datafield ind1=" " ind2=" " tag="260"><subfield code="a">Chehalis, Wash. Ter. :</subfield><subfield code="b">[Bull &amp; Francis],</subfield><subfield code="c">1884-1888.</subfield></datafield><datafield ind1=" " ind2=" " tag="300"><subfield code="a">4 v. :</subfield><subfield code="b">ill.</subfield></datafield><datafield ind1=" " ind2=" " tag="310"><subfield code="a">Weekly</subfield></datafield><datafield ind1="0" ind2=" " tag="362"><subfield code="a">Vol. 1, no. 1 (June 6, 1884)-v. 4, no. 46 (Apr. 6, 1888).</subfield></datafield><datafield ind1=" " ind2=" " tag="533"><subfield code="a">Microfilm.</subfield><subfield code="b">Olympia, Wash. :</subfield><subfield code="c">Washington State Library ;</subfield><subfield code="b">Cleveland, Ohio :</subfield><subfield code="c">Bell &amp; Howell, Micro Photo Division [distributor],</subfield><subfield code="d">1952.</subfield><subfield code="e">4 microfilm reels ; 35 mm.</subfield><subfield code="n">Filmed with: Chehalis bee.</subfield></datafield><datafield ind1=" " ind2="0" tag="651"><subfield code="a">Lewis County (Wash.)</subfield><subfield code="v">Newspapers.</subfield></datafield><datafield ind1=" " ind2="0" tag="651"><subfield code="a">Chehalis (Wash.)</subfield><subfield code="v">Newspapers.</subfield></datafield><datafield ind1=" " ind2="7" tag="655"><subfield code="a">Newspapers.</subfield><subfield code="2">fast</subfield><subfield code="0">(OCoLC)fst01423814</subfield></datafield><datafield ind1=" " ind2="7" tag="651"><subfield code="a">Washington (State)</subfield><subfield code="z">Chehalis.</subfield><subfield code="2">fast</subfield><subfield code="0">(OCoLC)fst01222723</subfield></datafield><datafield ind1=" " ind2="7" tag="651"><subfield code="a">Washington (State)</subfield><subfield code="z">Lewis County.</subfield><subfield code="2">fast</subfield><subfield code="0">(OCoLC)fst01207311</subfield></datafield><datafield ind1=" " ind2=" " tag="752"><subfield code="a">United States</subfield><subfield code="b">Washington</subfield><subfield code="c">Lewis</subfield><subfield code="d">Chehalis.</subfield></datafield><datafield ind1="1" ind2=" " tag="776"><subfield code="c">Original</subfield><subfield code="w">(DLC)sn 88085054</subfield><subfield code="w">(OCoLC)17315622</subfield></datafield><datafield ind1="0" ind2="0" tag="785"><subfield code="t">Chehalis bee</subfield><subfield code="w">(DLC)  2005252083</subfield><subfield code="w">(OCoLC)42339046</subfield></datafield></record>